<?xml version="1.0" encoding="UTF-8"?><collection xmlns="http://www.loc.gov/MARC21/slim"><record><leader>00359nam--2200133-i-4500</leader><controlfield tag="001">000014961</controlfield><controlfield tag="002">20161230</controlfield><controlfield tag="005">20161230201031</controlfield><controlfield tag="008">060222s1000------------r-----000-0-eng-d</controlfield><datafield ind1=" " ind2=" " tag="100"><subfield code="a">Canescu, S.Si Canescu, T</subfield></datafield><datafield ind1=" " ind2=" " tag="245"><subfield code="a">Constructia, intretinerea si exploatarea contr actelor</subfield></datafield><datafield ind1=" " ind2=" " tag="260"><subfield code="a">Bucuresti, Editura Tehnica, 1967</subfield></datafield><datafield ind1=" " ind2=" " tag="490"><subfield code="a">147 P</subfield></datafield><datafield ind1=" " ind2=" " tag="852"><subfield code="a">621.316.53</subfield></datafield></record></collection>